
  <record format="MarcXchange" type="Bibliographic">
    <leader>00000nam a22002891  4500</leader>
    <controlfield tag="001">000001646</controlfield>
    <controlfield tag="003">MiU</controlfield>
    <controlfield tag="005">19880715000000.0</controlfield>
    <controlfield tag="006">m        d        </controlfield>
    <controlfield tag="007">cr bn ---auaua</controlfield>
    <controlfield tag="008">880715s1969    onc      b    00110 eng  </controlfield>
    <datafield tag="010" ind1=" " ind2=" ">
      <subfield code="a">75520445</subfield>
    </datafield>
    <datafield tag="015" ind1=" " ind2=" ">
      <subfield code="a">C***</subfield>
    </datafield>
    <datafield tag="035" ind1=" " ind2=" ">
      <subfield code="a">(RLIN)MIUG0117360-B</subfield>
    </datafield>
    <datafield tag="035" ind1=" " ind2=" ">
      <subfield code="a">(CaOTULAS)159819933</subfield>
    </datafield>
    <datafield tag="035" ind1=" " ind2=" ">
      <subfield code="a">(OCoLC)ocm00117360</subfield>
    </datafield>
    <datafield tag="035" ind1=" " ind2=" ">
      <subfield code="a">sdr-nrlf-ucscb16742595x</subfield>
    </datafield>
    <datafield tag="040" ind1=" " ind2=" ">
      <subfield code="a">DLC</subfield>
      <subfield code="c">DLC</subfield>
      <subfield code="d">MiU</subfield>
    </datafield>
    <datafield tag="041" ind1="1" ind2=" ">
      <subfield code="a">eng</subfield>
      <subfield code="h">lat</subfield>
    </datafield>
    <datafield tag="050" ind1="0" ind2=" ">
      <subfield code="a">PA8395.P36</subfield>
      <subfield code="b">D513</subfield>
    </datafield>
    <datafield tag="082" ind1=" " ind2=" ">
      <subfield code="a">398.2/0917/4927</subfield>
    </datafield>
    <datafield tag="100" ind1="0" ind2=" ">
      <subfield code="a">Petrus Alfonsi,</subfield>
      <subfield code="d">1062-1110?</subfield>
    </datafield>
    <datafield tag="240" ind1="1" ind2="0">
      <subfield code="a">Disciplina Clericalis.</subfield>
      <subfield code="l">English</subfield>
    </datafield>
    <datafield tag="245" ind1="1" ind2="4">
      <subfield code="a">The scholar's guide.</subfield>
      <subfield code="b">A translation of the twelfth-century Disciplina Clericalis of Pedro Alfonso,</subfield>
      <subfield code="c">by Joseph Ramon Jones and John Esten Keller.</subfield>
    </datafield>
    <datafield tag="260" ind1=" " ind2=" ">
      <subfield code="a">Toronto,</subfield>
      <subfield code="b">Pontifical Institute of Mediaeval Studies,</subfield>
      <subfield code="c">1969.</subfield>
    </datafield>
    <datafield tag="300" ind1=" " ind2=" ">
      <subfield code="a">117 p.</subfield>
      <subfield code="c">20 cm.</subfield>
    </datafield>
    <datafield tag="504" ind1=" " ind2=" ">
      <subfield code="a">Includes bibliographical references.</subfield>
    </datafield>
    <datafield tag="538" ind1=" " ind2=" ">
      <subfield code="a">Mode of access: Internet.</subfield>
    </datafield>
    <datafield tag="700" ind1="1" ind2=" ">
      <subfield code="a">Jones, Joseph Ramon,</subfield>
      <subfield code="d">1935-</subfield>
    </datafield>
    <datafield tag="700" ind1="1" ind2=" ">
      <subfield code="a">Keller, John Esten,</subfield>
      <subfield code="e">ed.</subfield>
    </datafield>
    <datafield tag="852" ind1="0" ind2=" ">
      <subfield code="a">MiU</subfield>
      <subfield code="b">HATCH</subfield>
      <subfield code="c">GRAD</subfield>
      <subfield code="h">PA8395.P48 D63 1969</subfield>
    </datafield>
    <datafield tag="852" ind1="0" ind2=" ">
      <subfield code="a">MiU</subfield>
      <subfield code="b">HATCH</subfield>
      <subfield code="c">GRAD</subfield>
      <subfield code="h">PA8395.P48 D63 1969</subfield>
    </datafield>
    <datafield tag="970" ind1=" " ind2=" ">
      <subfield code="a">BK</subfield>
      <subfield code="b">Book</subfield>
    </datafield>
    <datafield tag="971" ind1=" " ind2=" ">
      <subfield code="a">MiU</subfield>
    </datafield>
    <datafield tag="972" ind1=" " ind2=" ">
      <subfield code="c">20040625</subfield>
    </datafield>
    <datafield tag="972" ind1=" " ind2=" ">
      <subfield code="c">20040625</subfield>
    </datafield>
    <datafield tag="973" ind1=" " ind2=" ">
      <subfield code="a">HT</subfield>
      <subfield code="b">avail_ht</subfield>
    </datafield>
    <datafield tag="973" ind1=" " ind2=" ">
      <subfield code="a">AC</subfield>
      <subfield code="b">avail_circ</subfield>
    </datafield>
    <datafield tag="974" ind1=" " ind2=" ">
      <subfield code="u">mdp.39015005879807</subfield>
      <subfield code="r">ic</subfield>
      <subfield code="d">20120530</subfield>
    </datafield>
    <datafield tag="974" ind1=" " ind2=" ">
      <subfield code="u">mdp.39015011292607</subfield>
      <subfield code="r">ic</subfield>
      <subfield code="d">20120530</subfield>
    </datafield>
    <datafield tag="998" ind1=" " ind2=" ">
      <subfield code="c">SEP</subfield>
      <subfield code="s">9115</subfield>
    </datafield>
  </record>