
  <record format="MarcXchange" type="Bibliographic">
    <leader>00000nam a22002411  4500</leader>
    <controlfield tag="001">000003441</controlfield>
    <controlfield tag="003">MiU</controlfield>
    <controlfield tag="005">19880715000000.0</controlfield>
    <controlfield tag="006">m        d        </controlfield>
    <controlfield tag="007">cr bn ---auaua</controlfield>
    <controlfield tag="008">880715c19681967pau          |00000 eng  </controlfield>
    <datafield tag="010" ind1=" " ind2=" ">
      <subfield code="a">68010619</subfield>
    </datafield>
    <datafield tag="035" ind1=" " ind2=" ">
      <subfield code="a">(RLIN)MIUG0237566-B</subfield>
    </datafield>
    <datafield tag="035" ind1=" " ind2=" ">
      <subfield code="a">(CaOTULAS)159822019</subfield>
    </datafield>
    <datafield tag="035" ind1=" " ind2=" ">
      <subfield code="a">(OCoLC)ocm00237566</subfield>
    </datafield>
    <datafield tag="035" ind1=" " ind2=" ">
      <subfield code="a">sdr-nrlf-ucscb167381271</subfield>
    </datafield>
    <datafield tag="040" ind1=" " ind2=" ">
      <subfield code="a">DLC</subfield>
      <subfield code="c">DLC</subfield>
      <subfield code="d">MiU</subfield>
    </datafield>
    <datafield tag="050" ind1="0" ind2=" ">
      <subfield code="a">HE2751</subfield>
      <subfield code="b">.L9</subfield>
    </datafield>
    <datafield tag="082" ind1=" " ind2=" ">
      <subfield code="a">385/.0973</subfield>
    </datafield>
    <datafield tag="100" ind1="1" ind2=" ">
      <subfield code="a">Lyon, Peter,</subfield>
      <subfield code="d">1915-</subfield>
    </datafield>
    <datafield tag="245" ind1="1" ind2="0">
      <subfield code="a">To hell in a day coach;</subfield>
      <subfield code="b">an exasperated look at American railroads.</subfield>
    </datafield>
    <datafield tag="250" ind1=" " ind2=" ">
      <subfield code="a">[1st ed.]</subfield>
    </datafield>
    <datafield tag="260" ind1=" " ind2=" ">
      <subfield code="a">Philadelphia,</subfield>
      <subfield code="b">Lippincott,</subfield>
      <subfield code="c">1968 [c1967]</subfield>
    </datafield>
    <datafield tag="300" ind1=" " ind2=" ">
      <subfield code="a">vii, 324 p.</subfield>
      <subfield code="c">22 cm.</subfield>
    </datafield>
    <datafield tag="538" ind1=" " ind2=" ">
      <subfield code="a">Mode of access: Internet.</subfield>
    </datafield>
    <datafield tag="650" ind1=" " ind2="0">
      <subfield code="a">Railroads</subfield>
      <subfield code="z">United States</subfield>
    </datafield>
    <datafield tag="852" ind1="0" ind2=" ">
      <subfield code="a">MiU</subfield>
      <subfield code="b">SPEC</subfield>
      <subfield code="c">RARE</subfield>
      <subfield code="h">HE 2751 .L98</subfield>
    </datafield>
    <datafield tag="852" ind1="0" ind2=" ">
      <subfield code="a">MiU</subfield>
      <subfield code="b">SPEC</subfield>
      <subfield code="c">THC</subfield>
      <subfield code="h">HE 2751 .L98</subfield>
    </datafield>
    <datafield tag="852" ind1=" " ind2=" ">
      <subfield code="a">uc1</subfield>
      <subfield code="b">SDR</subfield>
      <subfield code="c">NRLF</subfield>
    </datafield>
    <datafield tag="970" ind1=" " ind2=" ">
      <subfield code="a">BK</subfield>
      <subfield code="b">Book</subfield>
    </datafield>
    <datafield tag="971" ind1=" " ind2=" ">
      <subfield code="a">MiU</subfield>
    </datafield>
    <datafield tag="972" ind1=" " ind2=" ">
      <subfield code="c">20040625</subfield>
    </datafield>
    <datafield tag="972" ind1=" " ind2=" ">
      <subfield code="c">20040625</subfield>
    </datafield>
    <datafield tag="973" ind1=" " ind2=" ">
      <subfield code="a">HT</subfield>
      <subfield code="b">avail_ht</subfield>
    </datafield>
    <datafield tag="974" ind1=" " ind2=" ">
      <subfield code="u">mdp.39015023095238</subfield>
      <subfield code="r">ic</subfield>
      <subfield code="d">20120530</subfield>
    </datafield>
    <datafield tag="974" ind1=" " ind2=" ">
      <subfield code="u">uc1.b4912198</subfield>
      <subfield code="r">ic</subfield>
      <subfield code="d">20111204</subfield>
    </datafield>
    <datafield tag="998" ind1=" " ind2=" ">
      <subfield code="s">9665</subfield>
    </datafield>
  </record>