
  <record format="MarcXchange" type="Bibliographic">
    <leader>00000nam a22003011  4500</leader>
    <controlfield tag="001">000003823</controlfield>
    <controlfield tag="003">MiU</controlfield>
    <controlfield tag="005">19880715000000.0</controlfield>
    <controlfield tag="006">m        d        </controlfield>
    <controlfield tag="007">cr bn ---auaua</controlfield>
    <controlfield tag="008">880715s1967    nyu      b    00010 eng  </controlfield>
    <datafield tag="010" ind1=" " ind2=" ">
      <subfield code="a">67025457</subfield>
    </datafield>
    <datafield tag="035" ind1=" " ind2=" ">
      <subfield code="a">(RLIN)MIUG0264219-B</subfield>
    </datafield>
    <datafield tag="035" ind1=" " ind2=" ">
      <subfield code="a">(CaOTULAS)159822454</subfield>
    </datafield>
    <datafield tag="035" ind1=" " ind2=" ">
      <subfield code="a">(OCoLC)ocm00264219</subfield>
    </datafield>
    <datafield tag="035" ind1=" " ind2=" ">
      <subfield code="a">sdr-nrlfGLAD187507-B</subfield>
    </datafield>
    <datafield tag="040" ind1=" " ind2=" ">
      <subfield code="a">DLC</subfield>
      <subfield code="c">DLC</subfield>
      <subfield code="d">MiU</subfield>
    </datafield>
    <datafield tag="043" ind1=" " ind2=" ">
      <subfield code="a">n-us---</subfield>
    </datafield>
    <datafield tag="050" ind1="0" ind2=" ">
      <subfield code="a">HV4194.A3</subfield>
      <subfield code="b">D3 1967</subfield>
    </datafield>
    <datafield tag="082" ind1=" " ind2=" ">
      <subfield code="a">362/.9/73</subfield>
    </datafield>
    <datafield tag="100" ind1="1" ind2=" ">
      <subfield code="a">Davis, Allen Freeman,</subfield>
      <subfield code="d">1931-</subfield>
    </datafield>
    <datafield tag="245" ind1="1" ind2="0">
      <subfield code="a">Spearheads for reform;</subfield>
      <subfield code="b">the social settlements and the progressive movement, 1890-1914</subfield>
      <subfield code="c">[by] Allen F. Davis.</subfield>
    </datafield>
    <datafield tag="260" ind1=" " ind2=" ">
      <subfield code="a">New York,</subfield>
      <subfield code="b">Oxford University Press,</subfield>
      <subfield code="c">1967.</subfield>
    </datafield>
    <datafield tag="300" ind1=" " ind2=" ">
      <subfield code="a">xviii, 322 p.</subfield>
      <subfield code="c">22 cm.</subfield>
    </datafield>
    <datafield tag="490" ind1="0" ind2=" ">
      <subfield code="a">Urban life in America series</subfield>
    </datafield>
    <datafield tag="502" ind1=" " ind2=" ">
      <subfield code="a">Issued in microfilm form as thesis, University of Wisconsin, 1960.</subfield>
    </datafield>
    <datafield tag="504" ind1=" " ind2=" ">
      <subfield code="a">"A note on sources": p. 247-255. Bibliography: p. 259-304.</subfield>
    </datafield>
    <datafield tag="538" ind1=" " ind2=" ">
      <subfield code="a">Mode of access: Internet.</subfield>
    </datafield>
    <datafield tag="650" ind1=" " ind2="0">
      <subfield code="a">Social settlements</subfield>
    </datafield>
    <datafield tag="650" ind1=" " ind2="0">
      <subfield code="a">Progressivism (United States politics)</subfield>
    </datafield>
    <datafield tag="650" ind1=" " ind2="0">
      <subfield code="a">Cities and towns</subfield>
      <subfield code="z">United States.</subfield>
    </datafield>
    <datafield tag="852" ind1="0" ind2=" ">
      <subfield code="a">MiU</subfield>
      <subfield code="b">HATCH</subfield>
      <subfield code="c">GRAD</subfield>
      <subfield code="h">HV 4194 .D26</subfield>
    </datafield>
    <datafield tag="852" ind1="0" ind2=" ">
      <subfield code="a">MiU</subfield>
      <subfield code="b">HATCH</subfield>
      <subfield code="c">GRAD</subfield>
      <subfield code="h">HV 4194 .D26</subfield>
    </datafield>
    <datafield tag="852" ind1="0" ind2=" ">
      <subfield code="a">MiU</subfield>
      <subfield code="b">UGL</subfield>
      <subfield code="h">HV 4194 .D26</subfield>
    </datafield>
    <datafield tag="852" ind1="0" ind2=" ">
      <subfield code="a">MiU</subfield>
      <subfield code="b">HATCH</subfield>
      <subfield code="c">GRAD</subfield>
      <subfield code="h">HV 4194 .D26</subfield>
    </datafield>
    <datafield tag="970" ind1=" " ind2=" ">
      <subfield code="a">BK</subfield>
      <subfield code="b">Book</subfield>
    </datafield>
    <datafield tag="971" ind1=" " ind2=" ">
      <subfield code="a">MiU</subfield>
    </datafield>
    <datafield tag="972" ind1=" " ind2=" ">
      <subfield code="c">20040625</subfield>
    </datafield>
    <datafield tag="972" ind1=" " ind2=" ">
      <subfield code="c">20040625</subfield>
    </datafield>
    <datafield tag="972" ind1=" " ind2=" ">
      <subfield code="c">20040625</subfield>
    </datafield>
    <datafield tag="972" ind1=" " ind2=" ">
      <subfield code="c">20040625</subfield>
    </datafield>
    <datafield tag="973" ind1=" " ind2=" ">
      <subfield code="a">HT</subfield>
      <subfield code="b">avail_ht</subfield>
    </datafield>
    <datafield tag="973" ind1=" " ind2=" ">
      <subfield code="a">AC</subfield>
      <subfield code="b">avail_circ</subfield>
    </datafield>
    <datafield tag="974" ind1=" " ind2=" ">
      <subfield code="u">mdp.39015002281593</subfield>
      <subfield code="r">ic</subfield>
      <subfield code="d">20090807</subfield>
    </datafield>
    <datafield tag="974" ind1=" " ind2=" ">
      <subfield code="u">mdp.39015014594108</subfield>
      <subfield code="r">ic</subfield>
      <subfield code="d">20090807</subfield>
    </datafield>
    <datafield tag="974" ind1=" " ind2=" ">
      <subfield code="u">mdp.39015016230438</subfield>
      <subfield code="r">ic</subfield>
      <subfield code="d">20120419</subfield>
    </datafield>
    <datafield tag="998" ind1=" " ind2=" ">
      <subfield code="s">9665</subfield>
    </datafield>
  </record>