
  <record format="MarcXchange" type="Bibliographic">
    <leader>00000nam a22002171  4500</leader>
    <controlfield tag="001">000005123</controlfield>
    <controlfield tag="003">MiU</controlfield>
    <controlfield tag="005">19880715000000.0</controlfield>
    <controlfield tag="006">m        d        </controlfield>
    <controlfield tag="007">cr bn ---auaua</controlfield>
    <controlfield tag="008">880715|1965|||||||          |||||||eng|u</controlfield>
    <datafield tag="010" ind1=" " ind2=" ">
      <subfield code="a">65018827</subfield>
    </datafield>
    <datafield tag="035" ind1=" " ind2=" ">
      <subfield code="a">(RLIN)MIUG0358204-B</subfield>
    </datafield>
    <datafield tag="035" ind1=" " ind2=" ">
      <subfield code="a">(CaOTULAS)159823931</subfield>
    </datafield>
    <datafield tag="035" ind1=" " ind2=" ">
      <subfield code="a">(OCoLC)ocm00358204</subfield>
    </datafield>
    <datafield tag="040" ind1=" " ind2=" ">
      <subfield code="c">ODaWU</subfield>
      <subfield code="d">MiU</subfield>
      <subfield code="d">CStRLIN</subfield>
    </datafield>
    <datafield tag="100" ind1="1" ind2=" ">
      <subfield code="a">Potter, Stephen,</subfield>
      <subfield code="d">1900-1969.</subfield>
    </datafield>
    <datafield tag="245" ind1="1" ind2="0">
      <subfield code="a">Coleridge and S.T.C.</subfield>
    </datafield>
    <datafield tag="260" ind1=" " ind2=" ">
      <subfield code="a">New York,</subfield>
      <subfield code="b">Russell &amp; Russell,</subfield>
      <subfield code="c">1965.</subfield>
    </datafield>
    <datafield tag="300" ind1=" " ind2=" ">
      <subfield code="a">284 p.</subfield>
    </datafield>
    <datafield tag="504" ind1=" " ind2=" ">
      <subfield code="a">Bibliography: p. 281-282.</subfield>
    </datafield>
    <datafield tag="538" ind1=" " ind2=" ">
      <subfield code="a">Mode of access: Internet.</subfield>
    </datafield>
    <datafield tag="600" ind1="1" ind2="0">
      <subfield code="a">Coleridge, Samuel Taylor,</subfield>
      <subfield code="d">1772-1834.</subfield>
    </datafield>
    <datafield tag="852" ind1="1" ind2=" ">
      <subfield code="a">MiU</subfield>
      <subfield code="b">BUHR</subfield>
      <subfield code="c">GRAD</subfield>
      <subfield code="h">828 C693O P87 1965</subfield>
    </datafield>
    <datafield tag="970" ind1=" " ind2=" ">
      <subfield code="a">BK</subfield>
      <subfield code="b">Book</subfield>
    </datafield>
    <datafield tag="971" ind1=" " ind2=" ">
      <subfield code="a">MiU</subfield>
    </datafield>
    <datafield tag="972" ind1=" " ind2=" ">
      <subfield code="c">20040625</subfield>
    </datafield>
    <datafield tag="973" ind1=" " ind2=" ">
      <subfield code="a">HT</subfield>
      <subfield code="b">avail_ht</subfield>
    </datafield>
    <datafield tag="973" ind1=" " ind2=" ">
      <subfield code="a">AC</subfield>
      <subfield code="b">avail_circ</subfield>
    </datafield>
    <datafield tag="974" ind1=" " ind2=" ">
      <subfield code="u">mdp.39015030723566</subfield>
      <subfield code="r">ic</subfield>
      <subfield code="d">20120530</subfield>
    </datafield>
    <datafield tag="998" ind1=" " ind2=" ">
      <subfield code="s">9665</subfield>
    </datafield>
  </record>