
  <record format="MarcXchange" type="Bibliographic">
    <leader>00000nam a22002651  4500</leader>
    <controlfield tag="001">000011552</controlfield>
    <controlfield tag="003">MiU</controlfield>
    <controlfield tag="005">19880715000000.0</controlfield>
    <controlfield tag="006">m        d        </controlfield>
    <controlfield tag="007">cr bn ---auaua</controlfield>
    <controlfield tag="008">880715m19711972mau      b    00000 lat u</controlfield>
    <datafield tag="035" ind1=" " ind2=" ">
      <subfield code="a">(RLIN)MIUG0786193-B</subfield>
    </datafield>
    <datafield tag="035" ind1=" " ind2=" ">
      <subfield code="a">(CaOTULAS)159831006</subfield>
    </datafield>
    <datafield tag="035" ind1=" " ind2=" ">
      <subfield code="a">(OCoLC)ocm00187779</subfield>
    </datafield>
    <datafield tag="040" ind1=" " ind2=" ">
      <subfield code="c">OCU</subfield>
      <subfield code="d">MiU</subfield>
      <subfield code="d">CStRLIN</subfield>
    </datafield>
    <datafield tag="041" ind1="0" ind2=" ">
      <subfield code="a">lateng</subfield>
    </datafield>
    <datafield tag="100" ind1="1" ind2=" ">
      <subfield code="a">Seneca, Lucius Annaeus,</subfield>
      <subfield code="d">ca. 4 B.C.-65 A.D.</subfield>
    </datafield>
    <datafield tag="240" ind1="1" ind2="0">
      <subfield code="a">Naturales quaestiones.</subfield>
      <subfield code="l">English &amp; Latin.</subfield>
      <subfield code="s">Corcoran</subfield>
    </datafield>
    <datafield tag="245" ind1="1" ind2="0">
      <subfield code="a">Naturales quaestiones.</subfield>
      <subfield code="c">With an English translation by Thomas H. Corcoran.</subfield>
    </datafield>
    <datafield tag="260" ind1=" " ind2=" ">
      <subfield code="a">Cambridge, Mass.,</subfield>
      <subfield code="b">Harvard University Press,</subfield>
      <subfield code="c">1971-1972.</subfield>
    </datafield>
    <datafield tag="300" ind1=" " ind2=" ">
      <subfield code="a">2 v.</subfield>
      <subfield code="c">17 cm.</subfield>
    </datafield>
    <datafield tag="490" ind1="0" ind2=" ">
      <subfield code="a">Seneca in ten volumes,</subfield>
      <subfield code="v">VII, X</subfield>
    </datafield>
    <datafield tag="490" ind1="0" ind2=" ">
      <subfield code="a">Loeb classical library. [Latin authors]</subfield>
      <subfield code="v">no. 450, 457</subfield>
    </datafield>
    <datafield tag="504" ind1=" " ind2=" ">
      <subfield code="a">Bibliography: v. 1, p. xxvii-xxix.</subfield>
    </datafield>
    <datafield tag="505" ind1="0" ind2=" ">
      <subfield code="a">1. Book I-III.--2. Book IV-VII.</subfield>
    </datafield>
    <datafield tag="538" ind1=" " ind2=" ">
      <subfield code="a">Mode of access: Internet.</subfield>
    </datafield>
    <datafield tag="700" ind1="1" ind2=" ">
      <subfield code="a">Corcoran, Thomas H.</subfield>
      <subfield code="e">tr.</subfield>
    </datafield>
    <datafield tag="852" ind1="1" ind2=" ">
      <subfield code="a">MiU</subfield>
      <subfield code="b">HATCH</subfield>
      <subfield code="c">GRAD</subfield>
      <subfield code="h">878 S2na 1971</subfield>
    </datafield>
    <datafield tag="852" ind1="0" ind2=" ">
      <subfield code="a">MiU</subfield>
      <subfield code="b">HATCH</subfield>
      <subfield code="c">GRAD</subfield>
      <subfield code="h">PA6661 .N3 1971</subfield>
    </datafield>
    <datafield tag="970" ind1=" " ind2=" ">
      <subfield code="a">BK</subfield>
      <subfield code="b">Book</subfield>
    </datafield>
    <datafield tag="971" ind1=" " ind2=" ">
      <subfield code="a">MiU</subfield>
    </datafield>
    <datafield tag="972" ind1=" " ind2=" ">
      <subfield code="c">20040625</subfield>
    </datafield>
    <datafield tag="972" ind1=" " ind2=" ">
      <subfield code="c">20040625</subfield>
    </datafield>
    <datafield tag="973" ind1=" " ind2=" ">
      <subfield code="a">HT</subfield>
      <subfield code="b">avail_ht</subfield>
    </datafield>
    <datafield tag="973" ind1=" " ind2=" ">
      <subfield code="a">AC</subfield>
      <subfield code="b">avail_circ</subfield>
    </datafield>
    <datafield tag="974" ind1=" " ind2=" ">
      <subfield code="z">v.1</subfield>
      <subfield code="u">mdp.39015008723838</subfield>
      <subfield code="r">ic</subfield>
    </datafield>
    <datafield tag="974" ind1=" " ind2=" ">
      <subfield code="z">v.1</subfield>
      <subfield code="u">mdp.39015010681172</subfield>
      <subfield code="r">ic</subfield>
      <subfield code="d">20120530</subfield>
    </datafield>
    <datafield tag="974" ind1=" " ind2=" ">
      <subfield code="z">v.2</subfield>
      <subfield code="u">mdp.39015004109255</subfield>
      <subfield code="r">ic</subfield>
    </datafield>
    <datafield tag="974" ind1=" " ind2=" ">
      <subfield code="z">v.2</subfield>
      <subfield code="u">mdp.39015010681180</subfield>
      <subfield code="r">ic</subfield>
      <subfield code="d">20120524</subfield>
    </datafield>
    <datafield tag="974" ind1=" " ind2=" ">
      <subfield code="z">v.2</subfield>
      <subfield code="u">mdp.39015019055956</subfield>
      <subfield code="r">ic</subfield>
    </datafield>
    <datafield tag="998" ind1=" " ind2=" ">
      <subfield code="s">9125</subfield>
    </datafield>
  </record>