
  <record format="MarcXchange" type="Bibliographic">
    <leader>00000nam a22002531  4500</leader>
    <controlfield tag="001">000012062</controlfield>
    <controlfield tag="003">MiU</controlfield>
    <controlfield tag="005">19880715000000.0</controlfield>
    <controlfield tag="006">m        d        </controlfield>
    <controlfield tag="007">cr bn ---auaua</controlfield>
    <controlfield tag="008">880715s1973    nyua          00010 eng  </controlfield>
    <datafield tag="010" ind1=" " ind2=" ">
      <subfield code="a">72097069</subfield>
    </datafield>
    <datafield tag="020" ind1=" " ind2=" ">
      <subfield code="a">0913634093</subfield>
      <subfield code="c">$19.95</subfield>
    </datafield>
    <datafield tag="035" ind1=" " ind2=" ">
      <subfield code="a">(RLIN)MIUG0804868-B</subfield>
    </datafield>
    <datafield tag="035" ind1=" " ind2=" ">
      <subfield code="a">(CaOTULAS)159831548</subfield>
    </datafield>
    <datafield tag="035" ind1=" " ind2=" ">
      <subfield code="a">(OCoLC)ocm00804868</subfield>
    </datafield>
    <datafield tag="040" ind1=" " ind2=" ">
      <subfield code="a">DLC</subfield>
      <subfield code="c">DLC</subfield>
      <subfield code="d">MiU</subfield>
    </datafield>
    <datafield tag="050" ind1="0" ind2=" ">
      <subfield code="a">TH1199</subfield>
      <subfield code="b">.K46</subfield>
    </datafield>
    <datafield tag="082" ind1=" " ind2=" ">
      <subfield code="a">693</subfield>
    </datafield>
    <datafield tag="100" ind1="1" ind2=" ">
      <subfield code="a">Kenny, Michael F.</subfield>
    </datafield>
    <datafield tag="245" ind1="1" ind2="0">
      <subfield code="a">Masonry estimating handbook</subfield>
      <subfield code="c">[by] Michael F. Kenny.</subfield>
    </datafield>
    <datafield tag="250" ind1=" " ind2=" ">
      <subfield code="a">[1st ed.]</subfield>
    </datafield>
    <datafield tag="260" ind1=" " ind2=" ">
      <subfield code="a">New York,</subfield>
      <subfield code="b">Construction Pub. Co.</subfield>
      <subfield code="c">[1973]</subfield>
    </datafield>
    <datafield tag="300" ind1=" " ind2=" ">
      <subfield code="a">vii, 136 p.</subfield>
      <subfield code="b">illus.</subfield>
      <subfield code="c">28 cm.</subfield>
    </datafield>
    <datafield tag="538" ind1=" " ind2=" ">
      <subfield code="a">Mode of access: Internet.</subfield>
    </datafield>
    <datafield tag="650" ind1=" " ind2="0">
      <subfield code="a">Masonry</subfield>
      <subfield code="x">Estimates.</subfield>
    </datafield>
    <datafield tag="852" ind1="0" ind2=" ">
      <subfield code="a">MiU</subfield>
      <subfield code="b">BUHR</subfield>
      <subfield code="c">AAEL</subfield>
      <subfield code="h">TH1199 .K36</subfield>
    </datafield>
    <datafield tag="970" ind1=" " ind2=" ">
      <subfield code="a">BK</subfield>
      <subfield code="b">Book</subfield>
    </datafield>
    <datafield tag="971" ind1=" " ind2=" ">
      <subfield code="a">MiU</subfield>
    </datafield>
    <datafield tag="972" ind1=" " ind2=" ">
      <subfield code="c">20040625</subfield>
    </datafield>
    <datafield tag="973" ind1=" " ind2=" ">
      <subfield code="a">HT</subfield>
      <subfield code="b">avail_ht</subfield>
    </datafield>
    <datafield tag="973" ind1=" " ind2=" ">
      <subfield code="a">AC</subfield>
      <subfield code="b">avail_circ</subfield>
    </datafield>
    <datafield tag="974" ind1=" " ind2=" ">
      <subfield code="u">mdp.39015007230496</subfield>
      <subfield code="r">ic</subfield>
      <subfield code="d">20120530</subfield>
    </datafield>
    <datafield tag="998" ind1=" " ind2=" ">
      <subfield code="s">9665</subfield>
    </datafield>
  </record>