
  <record format="MarcXchange" type="Bibliographic">
    <leader>00000nam a22002771  4500</leader>
    <controlfield tag="001">000013410</controlfield>
    <controlfield tag="003">MiU</controlfield>
    <controlfield tag="005">19880715000000.0</controlfield>
    <controlfield tag="006">m        d        </controlfield>
    <controlfield tag="007">cr bn ---auaua</controlfield>
    <controlfield tag="008">880715s1973    quccf    b    00010bfre  </controlfield>
    <datafield tag="010" ind1=" " ind2=" ">
      <subfield code="a">74158672</subfield>
    </datafield>
    <datafield tag="015" ind1=" " ind2=" ">
      <subfield code="a">C73-3537</subfield>
    </datafield>
    <datafield tag="020" ind1=" " ind2=" ">
      <subfield code="a">0775504688</subfield>
      <subfield code="c">$5.00</subfield>
    </datafield>
    <datafield tag="035" ind1=" " ind2=" ">
      <subfield code="a">(RLIN)MIUG0867095-B</subfield>
    </datafield>
    <datafield tag="035" ind1=" " ind2=" ">
      <subfield code="a">(CaOTULAS)159832998</subfield>
    </datafield>
    <datafield tag="035" ind1=" " ind2=" ">
      <subfield code="a">(OCoLC)ocm00867095</subfield>
    </datafield>
    <datafield tag="040" ind1=" " ind2=" ">
      <subfield code="a">DLC</subfield>
      <subfield code="c">DLC</subfield>
      <subfield code="d">MiU</subfield>
    </datafield>
    <datafield tag="050" ind1=" " ind2="4">
      <subfield code="a">NB249.H34</subfield>
      <subfield code="b">H321</subfield>
    </datafield>
    <datafield tag="082" ind1=" " ind2=" ">
      <subfield code="a">730/.92/4</subfield>
    </datafield>
    <datafield tag="100" ind1="1" ind2=" ">
      <subfield code="a">Hébert, Bruno.</subfield>
    </datafield>
    <datafield tag="245" ind1="0" ind2="0">
      <subfield code="a">Philippe Hébert, sculpteur,</subfield>
      <subfield code="c">par Bruno Hébert.</subfield>
    </datafield>
    <datafield tag="260" ind1=" " ind2=" ">
      <subfield code="a">Montréal,</subfield>
      <subfield code="b">Fides,</subfield>
      <subfield code="c">1973.</subfield>
    </datafield>
    <datafield tag="300" ind1=" " ind2=" ">
      <subfield code="a">157 p.</subfield>
      <subfield code="b">[16] l. of plates (ports.)</subfield>
      <subfield code="c">22 cm.</subfield>
    </datafield>
    <datafield tag="490" ind1="0" ind2=" ">
      <subfield code="a">Vies canadiennes</subfield>
    </datafield>
    <datafield tag="504" ind1=" " ind2=" ">
      <subfield code="a">Bibliography: p. 150-153.</subfield>
    </datafield>
    <datafield tag="538" ind1=" " ind2=" ">
      <subfield code="a">Mode of access: Internet.</subfield>
    </datafield>
    <datafield tag="600" ind1="1" ind2="0">
      <subfield code="a">Hébert, Philippe,</subfield>
      <subfield code="d">1850-1917.</subfield>
    </datafield>
    <datafield tag="852" ind1="0" ind2=" ">
      <subfield code="a">MiU</subfield>
      <subfield code="b">BUHR</subfield>
      <subfield code="c">GRAD</subfield>
      <subfield code="h">NB249.H34 H321</subfield>
    </datafield>
    <datafield tag="970" ind1=" " ind2=" ">
      <subfield code="a">BK</subfield>
      <subfield code="b">Book</subfield>
    </datafield>
    <datafield tag="970" ind1=" " ind2=" ">
      <subfield code="a">BI</subfield>
      <subfield code="b">Biography</subfield>
    </datafield>
    <datafield tag="971" ind1=" " ind2=" ">
      <subfield code="a">MiU</subfield>
    </datafield>
    <datafield tag="972" ind1=" " ind2=" ">
      <subfield code="c">20040625</subfield>
    </datafield>
    <datafield tag="973" ind1=" " ind2=" ">
      <subfield code="a">HT</subfield>
      <subfield code="b">avail_ht</subfield>
    </datafield>
    <datafield tag="973" ind1=" " ind2=" ">
      <subfield code="a">AC</subfield>
      <subfield code="b">avail_circ</subfield>
    </datafield>
    <datafield tag="974" ind1=" " ind2=" ">
      <subfield code="u">mdp.39015031969242</subfield>
      <subfield code="r">ic</subfield>
      <subfield code="d">20120530</subfield>
    </datafield>
    <datafield tag="998" ind1=" " ind2=" ">
      <subfield code="s">9665</subfield>
    </datafield>
  </record>