
  <record format="MarcXchange" type="Bibliographic">
    <leader>00000nam a22003131  4500</leader>
    <controlfield tag="001">000014357</controlfield>
    <controlfield tag="003">MiU</controlfield>
    <controlfield tag="005">20120522122941.0</controlfield>
    <controlfield tag="008">880715s1973    sz a     b    101 0 eng  </controlfield>
    <datafield tag="010" ind1=" " ind2=" ">
      <subfield code="a">74163614</subfield>
    </datafield>
    <datafield tag="015" ind1=" " ind2=" ">
      <subfield code="a">Sw***</subfield>
    </datafield>
    <datafield tag="020" ind1=" " ind2=" ">
      <subfield code="a">3805515713 (v. 1)</subfield>
      <subfield code="c">286.00F ($88.70 U.S.) per vol.</subfield>
    </datafield>
    <datafield tag="035" ind1=" " ind2=" ">
      <subfield code="a">(RLIN)MIUG0903429-B</subfield>
    </datafield>
    <datafield tag="035" ind1=" " ind2=" ">
      <subfield code="a">(CaOTULAS)159834006</subfield>
    </datafield>
    <datafield tag="035" ind1=" " ind2=" ">
      <subfield code="a">(OCoLC)ocm00903429</subfield>
    </datafield>
    <datafield tag="040" ind1=" " ind2=" ">
      <subfield code="a">DLC</subfield>
      <subfield code="c">DLC</subfield>
      <subfield code="d">MiU</subfield>
    </datafield>
    <datafield tag="050" ind1="0" ind2="0">
      <subfield code="a">QP106.6</subfield>
      <subfield code="b">.E9 1972</subfield>
    </datafield>
    <datafield tag="082" ind1="0" ind2=" ">
      <subfield code="a">612/.13</subfield>
    </datafield>
    <datafield tag="111" ind1="2" ind2=" ">
      <subfield code="a">European Conference on Microcirculation</subfield>
      <subfield code="n">(7th :</subfield>
      <subfield code="d">1972 :</subfield>
      <subfield code="c">Aberdeen, Scot.)</subfield>
    </datafield>
    <datafield tag="245" ind1="1" ind2="0">
      <subfield code="a">7th European Conference on Microcirculation /</subfield>
      <subfield code="c">Edited by J. Ditzel and D. H. Lewis.</subfield>
    </datafield>
    <datafield tag="260" ind1=" " ind2=" ">
      <subfield code="a">Basel,</subfield>
      <subfield code="a">New York :</subfield>
      <subfield code="b">S. Karger,</subfield>
      <subfield code="c">1973.</subfield>
    </datafield>
    <datafield tag="300" ind1=" " ind2=" ">
      <subfield code="a">2 v.</subfield>
      <subfield code="b">illus. (part col.)</subfield>
      <subfield code="c">25 cm.</subfield>
    </datafield>
    <datafield tag="440" ind1=" " ind2="0">
      <subfield code="a">Bibliotheca anatomica ;</subfield>
      <subfield code="v">no. 11, 12</subfield>
    </datafield>
    <datafield tag="504" ind1=" " ind2=" ">
      <subfield code="a">Includes bibliographies.</subfield>
    </datafield>
    <datafield tag="505" ind1="0" ind2=" ">
      <subfield code="a">pt. 1. Methodology in microcirculation.--pt. 2. Clinical aspects of microcirculation.</subfield>
    </datafield>
    <datafield tag="650" ind1=" " ind2="0">
      <subfield code="a">Microcirculation</subfield>
      <subfield code="v">Congresses.</subfield>
    </datafield>
    <datafield tag="700" ind1="1" ind2=" ">
      <subfield code="a">Ditzel, Jørn,</subfield>
      <subfield code="d">1924-</subfield>
    </datafield>
    <datafield tag="700" ind1="1" ind2=" ">
      <subfield code="a">Lewis, David H.</subfield>
    </datafield>
    <datafield tag="852" ind1="8" ind2=" ">
      <subfield code="a">MiU</subfield>
      <subfield code="b">TAUB</subfield>
      <subfield code="c">PER</subfield>
      <subfield code="h">Journals no.11-12</subfield>
    </datafield>
    <datafield tag="970" ind1=" " ind2=" ">
      <subfield code="a">BK</subfield>
      <subfield code="b">Book</subfield>
    </datafield>
    <datafield tag="970" ind1=" " ind2=" ">
      <subfield code="a">XC</subfield>
      <subfield code="b">Conference</subfield>
    </datafield>
    <datafield tag="971" ind1=" " ind2=" ">
      <subfield code="a">MiU</subfield>
    </datafield>
    <datafield tag="972" ind1=" " ind2=" ">
      <subfield code="c">20040625</subfield>
    </datafield>
    <datafield tag="973" ind1=" " ind2=" ">
      <subfield code="a">AC</subfield>
      <subfield code="b">avail_circ</subfield>
    </datafield>
    <datafield tag="997" ind1=" " ind2=" ">
      <subfield code="a">MARS</subfield>
    </datafield>
    <datafield tag="998" ind1=" " ind2=" ">
      <subfield code="s">9665</subfield>
    </datafield>
  </record>