
  <record format="MarcXchange" type="Bibliographic">
    <leader>00000nam a22002891  4500</leader>
    <controlfield tag="001">000014841</controlfield>
    <controlfield tag="003">MiU</controlfield>
    <controlfield tag="005">20120530122447.0</controlfield>
    <controlfield tag="006">m        d        </controlfield>
    <controlfield tag="007">cr bn ---auaua</controlfield>
    <controlfield tag="008">880715|1973|||||||          |||||||fre u</controlfield>
    <datafield tag="020" ind1=" " ind2=" ">
      <subfield code="a">906004326X</subfield>
    </datafield>
    <datafield tag="035" ind1=" " ind2=" ">
      <subfield code="a">(RLIN)MIUG0925500-B</subfield>
    </datafield>
    <datafield tag="035" ind1=" " ind2=" ">
      <subfield code="a">(CaOTULAS)159834512</subfield>
    </datafield>
    <datafield tag="035" ind1=" " ind2=" ">
      <subfield code="a">(OCoLC)ocm00925500</subfield>
    </datafield>
    <datafield tag="040" ind1=" " ind2=" ">
      <subfield code="c">MH-AH</subfield>
      <subfield code="d">MiU</subfield>
      <subfield code="d">CStRLIN</subfield>
    </datafield>
    <datafield tag="100" ind1="1" ind2=" ">
      <subfield code="a">Theux, X. de</subfield>
      <subfield code="q">(Xavier),</subfield>
      <subfield code="d">1838-1896.</subfield>
    </datafield>
    <datafield tag="245" ind1="1" ind2="0">
      <subfield code="a">Bibliographie liégeoise,</subfield>
      <subfield code="b">contenant: 1? les livres imprimés à Liége depuis le XVIe siècle jusqu'à nos jours, 2? les ouvrages publiés en Belgique et à l'étranger, concernant l'histoire de l'ancienne principauté de Liége et de la province actuelle du même nom,</subfield>
      <subfield code="c">par le Chev. de Theux de Montjardin.</subfield>
    </datafield>
    <datafield tag="250" ind1=" " ind2=" ">
      <subfield code="a">2. éd.,</subfield>
      <subfield code="b">augm.</subfield>
    </datafield>
    <datafield tag="260" ind1=" " ind2=" ">
      <subfield code="a">Nieuwkoop,</subfield>
      <subfield code="b">De Graaf,</subfield>
      <subfield code="c">1973.</subfield>
    </datafield>
    <datafield tag="300" ind1=" " ind2=" ">
      <subfield code="a">viii, 1713 col.</subfield>
      <subfield code="c">31 cm.</subfield>
    </datafield>
    <datafield tag="500" ind1=" " ind2=" ">
      <subfield code="a">Reprint of the edition Bruges, l885.</subfield>
    </datafield>
    <datafield tag="500" ind1=" " ind2=" ">
      <subfield code="a">Three columns to the page. (Introduction in double columns)</subfield>
    </datafield>
    <datafield tag="500" ind1=" " ind2=" ">
      <subfield code="a">"Liste des articles publiés dans les revues belges sur l'histoire du pays de Liége": col. 1549-1581.</subfield>
    </datafield>
    <datafield tag="500" ind1=" " ind2=" ">
      <subfield code="a">"Table des articles concernant l'ancienne principauté de Liége contenus dans l'ouvrage de Potthast, Bibliotheca medii aevi": col. 1582-1584.</subfield>
    </datafield>
    <datafield tag="538" ind1=" " ind2=" ">
      <subfield code="a">Mode of access: Internet.</subfield>
    </datafield>
    <datafield tag="650" ind1=" " ind2="0">
      <subfield code="a">Belgian literature</subfield>
      <subfield code="x">Bibliography.</subfield>
    </datafield>
    <datafield tag="650" ind1=" " ind2="0">
      <subfield code="a">Printing</subfield>
      <subfield code="z">Belgium</subfield>
      <subfield code="z">Liége.</subfield>
    </datafield>
    <datafield tag="651" ind1=" " ind2="0">
      <subfield code="a">Liège (Belgium)</subfield>
      <subfield code="x">Bibliography.</subfield>
    </datafield>
    <datafield tag="852" ind1="0" ind2=" ">
      <subfield code="a">MiU</subfield>
      <subfield code="b">BUHR</subfield>
      <subfield code="c">GRAD</subfield>
      <subfield code="h">Z2424.L72 T42 1973</subfield>
    </datafield>
  </record>
</collection>